<record><leader>00000cas a22000007a 4500</leader><controlfield tag="001">12831912</controlfield><controlfield tag="008">851122d18831946pauwr ne      0    0eng d</controlfield><datafield ind1=" " ind2=" " tag="010"><subfield code="a">sn 85055127 </subfield></datafield><datafield ind1=" " ind2=" " tag="040"><subfield code="a">NPH</subfield><subfield code="b">eng</subfield><subfield code="c">NPH</subfield><subfield code="d">UPM</subfield><subfield code="d">OCLCQ</subfield><subfield code="d">OCLCF</subfield><subfield code="d">OCLCO</subfield></datafield><datafield ind1=" " ind2=" " tag="042"><subfield code="a">msc</subfield></datafield><datafield ind1=" " ind2=" " tag="043"><subfield code="a">n-us-pa</subfield></datafield><datafield ind1="0" ind2="0" tag="245"><subfield code="a">Lewisburgh Saturday news.</subfield></datafield><datafield ind1="1" ind2="3" tag="246"><subfield code="a">Saturday news</subfield></datafield><datafield ind1=" " ind2=" " tag="260"><subfield code="a">Lewisburgh, Pa. :</subfield><subfield code="b">B.K. Focht,</subfield><subfield code="c">1883-1946.</subfield></datafield><datafield ind1=" " ind2=" " tag="300"><subfield code="a">v. ;</subfield><subfield code="c">59-75 cm.</subfield></datafield><datafield ind1=" " ind2=" " tag="310"><subfield code="a">Weekly</subfield></datafield><datafield ind1="0" ind2=" " tag="362"><subfield code="a">Vol. 2, no. 11 (Mar. 31, 1883)- ; 65th year, no. 33 (Aug. 15, 1946).</subfield></datafield><datafield ind1=" " ind2="0" tag="651"><subfield code="a">Lewisburg (Pa.)</subfield><subfield code="v">Newspapers.</subfield></datafield><datafield ind1=" " ind2="7" tag="655"><subfield code="a">Newspapers.</subfield><subfield code="2">fast</subfield><subfield code="0">(OCoLC)fst01423814</subfield></datafield><datafield ind1=" " ind2="7" tag="651"><subfield code="a">Pennsylvania</subfield><subfield code="z">Lewisburg.</subfield><subfield code="2">fast</subfield><subfield code="0">(OCoLC)fst01211084</subfield></datafield><datafield ind1=" " ind2=" " tag="752"><subfield code="a">United States</subfield><subfield code="b">Pennsylvania</subfield><subfield code="c">Union</subfield><subfield code="d">Lewisburg.</subfield></datafield><datafield ind1="0" ind2="0" tag="780"><subfield code="t">Lewisburgh local news</subfield><subfield code="w">(DLC)sn 85055126</subfield></datafield><datafield ind1="0" ind2="7" tag="785"><subfield code="t">Lewisburg journal (Lewisburg, Pa. : 1865)</subfield><subfield code="w">(DLC)sn 83032236</subfield></datafield><datafield ind1="0" ind2="7" tag="785"><subfield code="t">Lewisburg journal and the Lewisburg Saturday news</subfield><subfield code="w">(DLC)sn 87078379</subfield></datafield></record>